
@inproceedings{brian_spie, 
	author = "B. M. Sutin and M. Alvarez and N. Battaglia and J. Bock and M. Bonato and J. Borrill and D. Chuss and J. Cooperrider and B. Crill and J. Delabrouille and M. Devlin and L Fissel and R. Flauger and K. Gorski and D. Green and S. Hanany and J. Hubmayr and B. Johnson and W. C. Jones and L. Knox and A. Kogut and C. Lawrence and J. McMahon and T. Matsumura and M. Negrello and R. Oâ€™Brient and C. Paine and C. Pryke and A. Trangsrud and Q. Wen and K. Young and G. de Zotti", 
	title  = "{PICO} - the probe of inflation and cosmic origins", 
	series = "Proc. SPIE", 
	volume = "10698",
	year   = "2018"	} 
	
% additional SPIE proceeding about CCAT optimized cross-dragone
@inproceedings{parshley_ccat_spie, 
	author = "S.C. Parshley and M. Niemack and R. E. Hills", 
	title  = "The optical design of the six-meter {CCAT}-prime and {Simons} {Observatory} telescopes", 
	series = "Proc. SPIE", 
	volume = "10700",
	year   = "2018"	}

@ARTICLE{granet2001,
   author = {{Granet}, C.},
    title = "{Designing classical Dragonian offset dual-reflector antennas from combinations of prescribed geometric parameters}",
  journal = {IEEE Antennas and Propagation Magazine},
     year = 2001,
    month = dec,
   volume = 43,
    pages = {100-107},
      doi = {10.1109/74.979502},
   adsurl = {http://adsabs.harvard.edu/abs/2001IAPM...43..100G},
  adsnote = {Provided by the SAO/NASA Astrophysics Data System}
}

@article{dragone,
  title={Offset multireflector antennas with perfect pattern symmetry and polarization discrimination},
  author={Dragone, C},
  journal={Bell Labs Technical Journal},
  volume={57},
  number={7},
  pages={2663--2684},
  year={1978},
  publisher={Wiley Online Library}
}

@ARTICLE{dragone_coma, 
author={C. Dragone}, 
journal={IEEE Transactions on Antennas and Propagation}, 
title={First-order correction of aberrations in {Cassegrainian} and {Gregorian} antennas}, 
year={1983}, 
volume={31}, 
number={5}, 
pages={764-775}, 
keywords={Reflector antennas, multireflector;Antenna feeds;Aperture antennas;Ellipsoids;Geometrical optics;H infinity control;Optical reflection;Reflector antennas;Satellite antennas;Satellite ground stations;Vision defects}, 
doi={10.1109/TAP.1983.1143125}, 
ISSN={0018-926X}, 
month={September},}

@article{dragone1983,
  title={Unique reflector arrangement with very wide field of view for multibeam antennas},
  author={Dragone, C},
  journal={Electronics Letters},
  volume={19},
  number={25},
  pages={1061--1062},
  year={1983},
  publisher={IET}
}


@ARTICLE{planck2011_hfi_temp,
       author = {{Planck Collaboration} and {Ade}, P.~A.~R. and {Aghanim}, N. and
        {Arnaud}, M. and {Ashdown}, M. and {Aumont}, J. and
        {Baccigalupi}, C. and {Baker}, M. and {Balbi}, A. and {Banday},
        A.~J. and {Barreiro}, R.~B. and {Battaner}, E. and {Benabed}, K.
        and {Beno{\^\i}t}, A. and {Bernard}, J. -P. and {Bersanelli}, M.
        and {Bhandari}, P. and {Bhatia}, R. and {Bock}, J.~J. and
        {Bonaldi}, A. and {Bond}, J.~R. and {Borders}, J. and {Borrill},
        J. and {Bouchet}, F.~R. and {Bowman}, B. and {Bradshaw}, T. and
        {Br{\'e}elle}, E. and {Bucher}, M. and {Burigana}, C. and
        {Butler}, R.~C. and {Cabella}, P. and {Camus}, P. and
        {Cantalupo}, C.~M. and {Cappellini}, B. and {Cardoso}, J. -F.
        and {Catalano}, A. and {Cay{\'o}n}, L. and {Challinor}, A. and
        {Chamballu}, A. and {Chambelland}, J.~P. and {Charra}, J. and
        {Charra}, M. and {Chiang}, L. -Y. and {Chiang}, C. and
        {Christensen}, P.~R. and {Clements}, D.~L. and {Collaudin}, B.
        and {Colombi}, S. and {Couchot}, F. and {Coulais}, A. and
        {Crill}, B.~P. and {Crook}, M. and {Cuttaia}, F. and {Damasio},
        C. and {Danese}, L. and {Davies}, R.~D. and {Davis}, R.~J. and
        {de Bernardis}, P. and {de Gasperis}, G. and {de Rosa}, A. and
        {Delabrouille}, J. and {Delouis}, J. -M. and {D{\'e}sert}, F.
        -X. and {Dolag}, K. and {Donzelli}, S. and {Dor{\'e}}, O. and
        {D{\"o}rl}, U. and {Douspis}, M. and {Dupac}, X. and
        {Efstathiou}, G. and {En{\ss}lin}, T.~A. and {Eriksen}, H.~K.
        and {Filliard}, C. and {Finelli}, F. and {Foley}, S. and
        {Forni}, O. and {Fosalba}, P. and {Fourmond}, J. -J. and
        {Frailis}, M. and {Franceschi}, E. and {Galeotta}, S. and
        {Ganga}, K. and {Gavila}, E. and {Giard}, M. and {Giardino}, G.
        and {Giraud-H{\'e}raud}, Y. and {Gonz{\'a}lez-Nuevo}, J. and
        {G{\'o}rski}, K.~M. and {Gratton}, S. and {Gregorio}, A. and
        {Gruppuso}, A. and {Guyot}, G. and {Harrison}, D. and {Helou},
        G. and {Henrot-Versill{\'e}}, S. and {Hern{\'a}ndez-Monteagudo},
        C. and {Herranz}, D. and {Hildebrandt}, S.~R. and {Hivon}, E.
        and {Hobson}, M. and {Holmes}, W.~A. and {Hornstrup}, A. and
        {Hovest}, W. and {Hoyland}, R.~J. and {Huffenberger}, K.~M. and
        {Israelsson}, U. and {Jaffe}, A.~H. and {Jones}, W.~C. and
        {Juvela}, M. and {Keih{\"a}nen}, E. and {Keskitalo}, R. and
        {Kisner}, T.~S. and {Kneissl}, R. and {Knox}, L. and {Kurki-
        Suonio}, H. and {Lagache}, G. and {Lamarre}, J. -M. and {Lami},
        P. and {Lasenby}, A. and {Laureijs}, R.~J. and {Lavabre}, A. and
        {Lawrence}, C.~R. and {Leach}, S. and {Lee}, R. and {Leonardi},
        R. and {Leroy}, C. and {Lilje}, P.~B. and {L{\'o}pez-Caniego},
        M. and {Lubin}, P.~M. and {Mac{\'\i}as-P{\'e}rez}, J.~F. and
        {Maciaszek}, T. and {MacTavish}, C.~J. and {Maffei}, B. and
        {Maino}, D. and {Mandolesi}, N. and {Mann}, R. and {Maris}, M.
        and {Mart{\'\i}nez-Gonz{\'a}lez}, E. and {Masi}, S. and
        {Matarrese}, S. and {Matthai}, F. and {Mazzotta}, P. and
        {McGehee}, P. and {Meinhold}, P.~R. and {Melchiorri}, A. and
        {Melot}, F. and {Mendes}, L. and {Mennella}, A. and {Miville-
        Desch{\^e}nes}, M. -A. and {Moneti}, A. and {Montier}, L. and
        {Mora}, J. and {Morgante}, G. and {Morisset}, N. and {Mortlock},
        D. and {Munshi}, D. and {Murphy}, A. and {Naselsky}, P. and
        {Nash}, A. and {Natoli}, P. and {Netterfield}, C.~B. and
        {Novikov}, D. and {Novikov}, I. and {O'Dwyer}, I.~J. and
        {Osborne}, S. and {Pajot}, F. and {Pasian}, F. and {Patanchon},
        G. and {Pearson}, D. and {Perdereau}, O. and {Perotto}, L. and
        {Perrotta}, F. and {Piacentini}, F. and {Piat}, M. and
        {Plaszczynski}, S. and {Platania}, P. and {Pointecouteau}, E.
        and {Polenta}, G. and {Ponthieu}, N. and {Poutanen}, T. and
        {Pr{\'e}zeau}, G. and {Prina}, M. and {Prunet}, S. and {Puget},
        J. -L. and {Rachen}, J.~P. and {Rebolo}, R. and {Reinecke}, M.
        and {Renault}, C. and {Ricciardi}, S. and {Riller}, T. and
        {Ristorcelli}, I. and {Rocha}, G. and {Rosset}, C. and
        {Rubi{\~n}o-Mart{\'\i}n}, J.~A. and {Rusholme}, B. and {Sandri},
        M. and {Santos}, D. and {Savini}, G. and {Schaefer}, B.~M. and
        {Scott}, D. and {Seiffert}, M.~D. and {Shellard}, P. and
        {Smoot}, G.~F. and {Starck}, J. -L. and {Stassi}, P. and
        {Stivoli}, F. and {Stolyarov}, V. and {Stompor}, R. and
        {Sudiwala}, R. and {Sygnet}, J. -F. and {Tauber}, J.~A. and
        {Terenzi}, L. and {Toffolatti}, L. and {Tomasi}, M. and {Torre},
        J. -P. and {Tristram}, M. and {Tuovinen}, J. and {Valenziano},
        L. and {Vibert}, L. and {Vielva}, P. and {Villa}, F. and
        {Vittorio}, N. and {Wade}, L.~A. and {Wandelt}, B.~D. and
        {Watson}, C. and {White}, S.~D.~M. and {Wilkinson}, A. and
        {Wilson}, P. and {Yvon}, D. and {Zacchei}, A. and {Zhang}, B.
        and {Zonca}, A.},
        title = "{Planck early results. II. The thermal performance of Planck}",
      journal = {\aap},
     keywords = {cosmic background radiation, space vehicles: instruments,
        instrumentation: detectors, Astrophysics - Instrumentation and
        Methods for Astrophysics},
         year = 2011,
        month = Dec,
       volume = {536},
          eid = {A2},
        pages = {A2},
          doi = {10.1051/0004-6361/201116486},
       adsurl = {https://ui.adsabs.harvard.edu/#abs/2011A&A...536A...2P},
      adsnote = {Provided by the SAO/NASA Astrophysics Data System}
}

@ARTICLE{planck2018_lfi_mirrors,
       author = {{Cuttaia}, F. and {Terenzi}, L. and {Morgante}, G. and {Sandri}, M. and
        {Villa}, F. and {De Rosa}, A. and {Franceschi}, E. and
        {Frailis}, M. and {Galeotta}, S. and {Gregorio}, A. and
        {Delannoy}, P. and {Foley}, S. and {Gandolfo}, B. and {Neto}, A.
        and {Watson}, C. and {Pajot}, F. and {Bersanelli}, M. and
        {Butler}, R.~C. and {Mandolesi}, N. and {Mennella}, A. and
        {Tauber}, J. and {Zacchei}, A.},
        title = "{In-flight measurement of Planck telescope emissivity}",
      journal = {ArXiv e-prints},
     keywords = {Astrophysics - Instrumentation and Methods for Astrophysics},
         year = 2018,
        month = Jan,
          eid = {arXiv:1801.09421},
        pages = {arXiv:1801.09421},
archivePrefix = {arXiv},
       eprint = {1801.09421},
       adsurl = {https://ui.adsabs.harvard.edu/#abs/2018arXiv180109421C},
      adsnote = {Provided by the SAO/NASA Astrophysics Data System}
}

@INPROCEEDINGS{planck2000_optics,
       author = {{Fargant}, Guy and {Dubruel}, Denis and {Cornut}, Myriam and {Riti},
        Jean-Bernard and {Passvogel}, Thomas and {De Maagt}, Peter J.
        and {Anderegg}, Michel and {Tauber}, Jan},
        title = "{Very wide band telescope for Planck using optical and radio frequency
        techniques}",
    booktitle = "UV, Optical, and IR Space Telescopes and
        Instruments",
       series = "Proc. SPIE",
       editor = "J. B. Breckinridge and P. Jakobsen",
         year = 2000,
       volume = {4013},
        month = Jul,
        pages = {69-79},
          doi = {10.1117/12.394000},
       adsurl = {https://ui.adsabs.harvard.edu/#abs/2000SPIE.4013...69F},
      adsnote = {Provided by the SAO/NASA Astrophysics Data System}
}

@ARTICLE{planck2010_hfi,
       author = {{Lamarre}, J. -M. and {Puget}, J. -L. and {Ade}, P.~A.~R. and {Bouchet},
        F. and {Guyot}, G. and {Lange}, A.~E. and {Pajot}, F. and
        {Arondel}, A. and {Benabed}, K. and {Beney}, J. -L. and
        {Beno{\^\i}t}, A. and {Bernard}, J. -Ph. and {Bhatia}, R. and
        {Blanc}, Y. and {Bock}, J.~J. and {Br{\'e}elle}, E. and
        {Bradshaw}, T.~W. and {Camus}, P. and {Catalano}, A. and
        {Charra}, J. and {Charra}, M. and {Church}, S.~E. and {Couchot},
        F. and {Coulais}, A. and {Crill}, B.~P. and {Crook}, M.~R. and
        {Dassas}, K. and {de Bernardis}, P. and {Delabrouille}, J. and
        {de Marcillac}, P. and {Delouis}, J. -M. and {D{\'e}sert}, F.
        -X. and {Dumesnil}, C. and {Dupac}, X. and {Efstathiou}, G. and
        {Eng}, P. and {Evesque}, C. and {Fourmond}, J. -J. and {Ganga},
        K. and {Giard}, M. and {Gispert}, R. and {Guglielmi}, L. and
        {Haissinski}, J. and {Henrot-Versill{\'e}}, S. and {Hivon}, E.
        and {Holmes}, W.~A. and {Jones}, W.~C. and {Koch}, T.~C. and
        {Lagard{\`e}re}, H. and {Lami}, P. and {Land{\'e}}, J. and
        {Leriche}, B. and {Leroy}, C. and {Longval}, Y. and
        {Mac{\'\i}as-P{\'e}rez}, J.~F. and {Maciaszek}, T. and {Maffei},
        B. and {Mansoux}, B. and {Marty}, C. and {Masi}, S. and
        {Mercier}, C. and {Miville-Desch{\^e}nes}, M. -A. and {Moneti},
        A. and {Montier}, L. and {Murphy}, J.~A. and {Narbonne}, J. and
        {Nexon}, M. and {Paine}, C.~G. and {Pahn}, J. and {Perdereau},
        O. and {Piacentini}, F. and {Piat}, M. and {Plaszczynski}, S.
        and {Pointecouteau}, E. and {Pons}, R. and {Ponthieu}, N. and
        {Prunet}, S. and {Rambaud}, D. and {Recouvreur}, G. and
        {Renault}, C. and {Ristorcelli}, I. and {Rosset}, C. and
        {Santos}, D. and {Savini}, G. and {Serra}, G. and {Stassi}, P.
        and {Sudiwala}, R.~V. and {Sygnet}, J. -F. and {Tauber}, J.~A.
        and {Torre}, J. -P. and {Tristram}, M. and {Vibert}, L. and
        {Woodcraft}, A. and {Yurchenko}, V. and {Yvon}, D.},
        title = "{Planck pre-launch status: The HFI instrument, from specification to
        actual performance}",
      journal = {\aap},
     keywords = {cosmic microwave background, space vehicles: instruments, submillimeter:
        general, techniques: photometric, techniques: polarimetric},
         year = 2010,
        month = Sep,
       volume = {520},
          eid = {A9},
        pages = {A9},
          doi = {10.1051/0004-6361/200912975},
       adsurl = {https://ui.adsabs.harvard.edu/#abs/2010A&A...520A...9L},
      adsnote = {Provided by the SAO/NASA Astrophysics Data System}
}

@ARTICLE{spire2010,
       author = {{Griffin}, M.~J. and {Abergel}, A. and {Abreu}, A. and {Ade}, P.~A.~R.
        and {Andr{\'e}}, P. and {Augueres}, J. -L. and {Babbedge}, T.
        and {Bae}, Y. and {Baillie}, T. and {Baluteau}, J. -P. and
        {Barlow}, M.~J. and {Bendo}, G. and {Benielli}, D. and {Bock},
        J.~J. and {Bonhomme}, P. and {Brisbin}, D. and {Brockley-Blatt},
        C. and {Caldwell}, M. and {Cara}, C. and {Castro-Rodriguez}, N.
        and {Cerulli}, R. and {Chanial}, P. and {Chen}, S. and {Clark},
        E. and {Clements}, D.~L. and {Clerc}, L. and {Coker}, J. and
        {Communal}, D. and {Conversi}, L. and {Cox}, P. and {Crumb}, D.
        and {Cunningham}, C. and {Daly}, F. and {Davis}, G.~R. and {de
        Antoni}, P. and {Delderfield}, J. and {Devin}, N. and {di
        Giorgio}, A. and {Didschuns}, I. and {Dohlen}, K. and {Donati},
        M. and {Dowell}, A. and {Dowell}, C.~D. and {Duband}, L. and
        {Dumaye}, L. and {Emery}, R.~J. and {Ferlet}, M. and {Ferrand},
        D. and {Fontignie}, J. and {Fox}, M. and {Franceschini}, A. and
        {Frerking}, M. and {Fulton}, T. and {Garcia}, J. and {Gastaud},
        R. and {Gear}, W.~K. and {Glenn}, J. and {Goizel}, A. and
        {Griffin}, D.~K. and {Grundy}, T. and {Guest}, S. and
        {Guillemet}, L. and {Hargrave}, P.~C. and {Harwit}, M. and
        {Hastings}, P. and {Hatziminaoglou}, E. and {Herman}, M. and
        {Hinde}, B. and {Hristov}, V. and {Huang}, M. and {Imhof}, P.
        and {Isaak}, K.~J. and {Israelsson}, U. and {Ivison}, R.~J. and
        {Jennings}, D. and {Kiernan}, B. and {King}, K.~J. and {Lange},
        A.~E. and {Latter}, W. and {Laurent}, G. and {Laurent}, P. and
        {Leeks}, S.~J. and {Lellouch}, E. and {Levenson}, L. and {Li},
        B. and {Li}, J. and {Lilienthal}, J. and {Lim}, T. and {Liu},
        S.~J. and {Lu}, N. and {Madden}, S. and {Mainetti}, G. and
        {Marliani}, P. and {McKay}, D. and {Mercier}, K. and {Molinari},
        S. and {Morris}, H. and {Moseley}, H. and {Mulder}, J. and
        {Mur}, M. and {Naylor}, D.~A. and {Nguyen}, H. and {O'Halloran},
        B. and {Oliver}, S. and {Olofsson}, G. and {Olofsson}, H. -G.
        and {Orfei}, R. and {Page}, M.~J. and {Pain}, I. and {Panuzzo},
        P. and {Papageorgiou}, A. and {Parks}, G. and {Parr-Burman}, P.
        and {Pearce}, A. and {Pearson}, C. and {P{\'e}rez-Fournon}, I.
        and {Pinsard}, F. and {Pisano}, G. and {Podosek}, J. and
        {Pohlen}, M. and {Polehampton}, E.~T. and {Pouliquen}, D. and
        {Rigopoulou}, D. and {Rizzo}, D. and {Roseboom}, I.~G. and
        {Roussel}, H. and {Rowan-Robinson}, M. and {Rownd}, B. and
        {Saraceno}, P. and {Sauvage}, M. and {Savage}, R. and {Savini},
        G. and {Sawyer}, E. and {Scharmberg}, C. and {Schmitt}, D. and
        {Schneider}, N. and {Schulz}, B. and {Schwartz}, A. and
        {Shafer}, R. and {Shupe}, D.~L. and {Sibthorpe}, B. and
        {Sidher}, S. and {Smith}, A. and {Smith}, A.~J. and {Smith}, D.
        and {Spencer}, L. and {Stobie}, B. and {Sudiwala}, R. and
        {Sukhatme}, K. and {Surace}, C. and {Stevens}, J.~A. and
        {Swinyard}, B.~M. and {Trichas}, M. and {Tourette}, T. and
        {Triou}, H. and {Tseng}, S. and {Tucker}, C. and {Turner}, A.
        and {Vaccari}, M. and {Valtchanov}, I. and {Vigroux}, L. and
        {Virique}, E. and {Voellmer}, G. and {Walker}, H. and {Ward}, R.
        and {Waskett}, T. and {Weilert}, M. and {Wesson}, R. and
        {White}, G.~J. and {Whitehouse}, N. and {Wilson}, C.~D. and
        {Winter}, B. and {Woodcraft}, A.~L. and {Wright}, G.~S. and
        {Xu}, C.~K. and {Zavagno}, A. and {Zemcov}, M. and {Zhang}, L.
        and {Zonca}, E.},
        title = "{The Herschel-SPIRE instrument and its in-flight performance}",
      journal = {\aap},
     keywords = {instrumentation: photometers, instrumentation: spectrographs, space
        vehicles: instruments, submillimeter: general, Astrophysics -
        Instrumentation and Methods for Astrophysics},
         year = 2010,
        month = Jul,
       volume = {518},
          eid = {L3},
        pages = {L3},
          doi = {10.1051/0004-6361/201014519},
       adsurl = {https://ui.adsabs.harvard.edu/#abs/2010A&A...518L...3G},
      adsnote = {Provided by the SAO/NASA Astrophysics Data System}
}





@ARTICLE{ACT2011_optics,
   author = {{Swetz}, D.~S. and {Ade}, P.~A.~R. and {Amiri}, M. and {Appel}, J.~W. and 
	{Battistelli}, E.~S. and {Burger}, B. and {Chervenak}, J. and 
	{Devlin}, M.~J. and {Dicker}, S.~R. and {Doriese}, W.~B. and 
	{D{\"u}nner}, R. and {Essinger-Hileman}, T. and {Fisher}, R.~P. and 
	{Fowler}, J.~W. and {Halpern}, M. and {Hasselfield}, M. and 
	{Hilton}, G.~C. and {Hincks}, A.~D. and {Irwin}, K.~D. and {Jarosik}, N. and 
	{Kaul}, M. and {Klein}, J. and {Lau}, J.~M. and {Limon}, M. and 
	{Marriage}, T.~A. and {Marsden}, D. and {Martocci}, K. and {Mauskopf}, P. and 
	{Moseley}, H. and {Netterfield}, C.~B. and {Niemack}, M.~D. and 
	{Nolta}, M.~R. and {Page}, L.~A. and {Parker}, L. and {Staggs}, S.~T. and 
	{Stryzak}, O. and {Switzer}, E.~R. and {Thornton}, R. and {Tucker}, C. and 
	{Wollack}, E. and {Zhao}, Y.},
    title = "{Overview of the Atacama Cosmology Telescope: Receiver, Instrumentation, and Telescope Systems}",
  journal = {\apjs},
archivePrefix = "arXiv",
   eprint = {1007.0290},
 primaryClass = "astro-ph.IM",
 keywords = {cosmic background radiation, cosmology: observations, instrumentation: detectors, instrumentation: miscellaneous, telescopes},
     year = 2011,
    month = jun,
   volume = 194,
      eid = {41},
    pages = {41},
      doi = {10.1088/0067-0049/194/2/41},
   adsurl = {http://adsabs.harvard.edu/abs/2011ApJS..194...41S},
  adsnote = {Provided by the SAO/NASA Astrophysics Data System}
}

@ARTICLE{SPT2008_optics,
       author = {{Padin}, S. and {Staniszewski}, Z. and {Keisler}, R. and {Joy}, M. and
        {Stark}, A.~A. and {Ade}, P.~A.~R. and {Aird}, K.~A. and
        {Benson}, B.~A. and {Bleem}, L.~E. and {Carlstrom}, J.~E. and
        {Chang}, C.~L. and {Crawford}, T.~M. and {Crites}, A.~T. and
        {Dobbs}, M.~A. and {Halverson}, N.~W. and {Heimsath}, S. and
        {Hills}, R.~E. and {Holzapfel}, W.~L. and {Lawrie}, C. and
        {Lee}, A.~T. and {Leitch}, E.~M. and {Leong}, J. and {Lu}, W.
        and {Lueker}, M. and {McMahon}, J.~J. and {Meyer}, S.~S. and
        {Mohr}, J.~J. and {Montroy}, T.~E. and {Plagge}, T. and {Pryke},
        C. and {Ruhl}, J.~E. and {Schaffer}, K.~K. and {Shirokoff}, E.
        and {Spieler}, H.~G. and {Vieira}, J.~D.},
        title = "{South Pole Telescope optics}",
      journal = {\ao},
         year = 2008,
        month = Aug,
       volume = {47},
        pages = {4418-4428},
          doi = {10.1364/AO.47.004418},
       adsurl = {https://ui.adsabs.harvard.edu/#abs/2008ApOpt..47.4418P},
      adsnote = {Provided by the SAO/NASA Astrophysics Data System}
}


@ARTICLE{core2018_inst,
       author = {{de Bernardis}, P. and {Ade}, P.~A.~R. and {Baselmans}, J.~J.~A. and
        {Battistelli}, E.~S. and {Benoit}, A. and {Bersanelli}, M. and
        {Bideaud}, A. and {Calvo}, M. and {Casas}, F.~J. and
        {Castellano}, M.~G. and {Catalano}, A. and {Charles}, I. and
        {Colantoni}, I. and {Columbro}, F. and {Coppolecchia}, A. and
        {Crook}, M. and {D'Alessandro}, G. and {De Petris}, M. and
        {Delabrouille}, J. and {Doyle}, S. and {Franceschet}, C. and
        {Gomez}, A. and {Goupy}, J. and {Hanany}, S. and {Hills}, M. and
        {Lamagna}, L. and {Macias-Perez}, J. and {Maffei}, B. and
        {Martin}, S. and {Martinez-Gonzalez}, E. and {Masi}, S. and
        {McCarthy}, D. and {Mennella}, A. and {Monfardini}, A. and
        {Noviello}, F. and {Paiella}, A. and {Piacentini}, F. and
        {Piat}, M. and {Pisano}, G. and {Signorelli}, G. and {Tan},
        C.~Y. and {Tartari}, A. and {Trappe}, N. and {Triqueneaux}, S.
        and {Tucker}, C. and {Vermeulen}, G. and {Young}, K. and
        {Zannoni}, M. and {Ach{\'u}carro}, A. and {Allison}, R. and
        {Artall}, E. and {Ashdown}, M. and {Ballardini}, M. and
        {Banday}, A.~J. and {Banerji}, R. and {Bartlett}, J. and
        {Bartolo}, N. and {Basak}, S. and {Bonaldi}, A. and {Bonato}, M.
        and {Borrill}, J. and {Bouchet}, F. and {Boulanger}, F. and
        {Brinckmann}, T. and {Bucher}, M. and {Burigana}, C. and
        {Buzzelli}, A. and {Cai}, Z.~Y. and {Carvalho}, C.~S. and
        {Challinor}, A. and {Chluba}, J. and {Clesse}, S. and {De
        Gasperis}, G. and {De Zotti}, G. and {Di Valentino}, E. and
        {Diego}, J.~M. and {Errard}, J. and {Feeney}, S. and {Fernandez-
        Cobos}, R. and {Finelli}, F. and {Forastieri}, F. and {Galli},
        S. and {G{\'e}nova-Santos}, R. and {Gerbino}, M. and {Gonz{\'a
        }lez-Nuevo}, J. and {Hagstotz}, S. and {Greenslade}, J. and
        {Handley}, W. and {Hern{\'a}ndez-Monteagudo}, C. and {Hervias-
        Caimapo}, C. and {Hivon}, E. and {Kiiveri}, K. and {Kisner}, T.
        and {Kitching}, T. and {Kunz}, M. and {Kurki-Suonio}, H. and
        {Lasenby}, A. and {Lattanzi}, M. and {Lesgourgues}, J. and
        {Lewis}, A. and {Liguori}, M. and {Lindholm}, V. and {Luzzi}, G.
        and {Martins}, C.~J.~A.~P. and {Matarrese}, S. and {Melchiorri},
        A. and {Melin}, J.~B. and {Molinari}, D. and {Natoli}, P. and
        {Negrello}, M. and {Notari}, A. and {Paoletti}, D. and
        {Patanchon}, G. and {Polastri}, L. and {Polenta}, G. and
        {Pollo}, A. and {Poulin}, V. and {Quartin}, M. and
        {Remazeilles}, M. and {Roman}, M. and {Rubi{\~n}o-Mart{\'\i}n},
        J.~A. and {Salvati}, L. and {Tomasi}, M. and {Tramonte}, D. and
        {Trombetti}, T. and {V{\"a}liviita}, J. and {Van de Weyjgaert},
        R. and {van Tent}, B. and {Vennin}, V. and {Vielva}, P. and
        {Vittorio}, N.},
        title = "{Exploring cosmic origins with CORE: The instrument}",
      journal = {Journal of Cosmology and Astro-Particle Physics},
     keywords = {Astrophysics - Instrumentation and Methods for Astrophysics,
        Astrophysics - Cosmology and Nongalactic Astrophysics, Physics -
        Instrumentation and Detectors},
         year = 2018,
        month = Apr,
       volume = {2018},
          eid = {015},
        pages = {015},
          doi = {10.1088/1475-7516/2018/04/015},
       adsurl = {https://ui.adsabs.harvard.edu/#abs/2018JCAP...04..015D},
      adsnote = {Provided by the SAO/NASA Astrophysics Data System}
}

@ARTICLE{LB2016_optics,
       author = {{Matsumura}, T. and {Akiba}, Y. and {Arnold}, K. and {Borrill}, J. and
        {Chendra}, R. and {Chinone}, Y. and {Cukierman}, A. and {de
        Haan}, T. and {Dobbs}, M. and {Dominjon}, A. and {Elleflot}, T.
        and {Errard}, J. and {Fujino}, T. and {Fuke}, H. and {Goeckner-
        wald}, N. and {Halverson}, N. and {Harvey}, P. and {Hasegawa},
        M. and {Hattori}, K. and {Hattori}, M. and {Hazumi}, M. and
        {Hill}, C. and {Hilton}, G. and {Holzapfel}, W. and {Hori}, Y.
        and {Hubmayr}, J. and {Ichiki}, K. and {Inatani}, J. and
        {Inoue}, M. and {Inoue}, Y. and {Irie}, F. and {Irwin}, K. and
        {Ishino}, H. and {Ishitsuka}, H. and {Jeong}, O. and {Karatsu},
        K. and {Kashima}, S. and {Katayama}, N. and {Kawano}, I. and
        {Keating}, B. and {Kibayashi}, A. and {Kibe}, Y. and {Kida}, Y.
        and {Kimura}, K. and {Kimura}, N. and {Kohri}, K. and {Komatsu},
        E. and {Kuo}, C.~L. and {Kuromiya}, S. and {Kusaka}, A. and
        {Lee}, A. and {Linder}, E. and {Matsuhara}, H. and {Matsuoka},
        S. and {Matsuura}, S. and {Mima}, S. and {Mitsuda}, K. and
        {Mizukami}, K. and {Morii}, H. and {Morishima}, T. and {Nagai},
        M. and {Nagasaki}, T. and {Nagata}, R. and {Nakajima}, M. and
        {Nakamura}, S. and {Namikawa}, T. and {Naruse}, M. and
        {Natsume}, K. and {Nishibori}, T. and {Nishijo}, K. and
        {Nishino}, H. and {Nitta}, T. and {Noda}, A. and {Noguchi}, T.
        and {Ogawa}, H. and {Oguri}, S. and {Ohta}, I.~S. and {Otani},
        C. and {Okada}, N. and {Okamoto}, A. and {Okamoto}, A. and
        {Okamura}, T. and {Rebeiz}, G. and {Richards}, P. and {Sakai},
        S. and {Sato}, N. and {Sato}, Y. and {Segawa}, Y. and
        {Sekiguchi}, S. and {Sekimoto}, Y. and {Sekine}, M. and
        {Seljak}, U. and {Sherwin}, B. and {Shinozaki}, K. and {Shu}, S.
        and {Stompor}, R. and {Sugai}, H. and {Sugita}, H. and {Suzuki},
        T. and {Suzuki}, A. and {Tajima}, O. and {Takada}, S. and
        {Takakura}, S. and {Takano}, K. and {Takei}, Y. and {Tomaru}, T.
        and {Tomita}, N. and {Turin}, P. and {Utsunomiya}, S. and
        {Uzawa}, Y. and {Wada}, T. and {Watanabe}, H. and {Westbrook},
        B. and {Whitehorn}, N. and {Yamada}, Y. and {Yamasaki}, N. and
        {Yamashita}, T. and {Yoshida}, M. and {Yoshida}, T. and
        {Yotsumoto}, Y.},
        title = "{LiteBIRD: Mission Overview and Focal Plane Layout}",
      journal = {Journal of Low Temperature Physics},
     keywords = {Inflation, CMB, Polarization, Primordial B-mode, TES bolometer, MKID,
        Satellite},
         year = 2016,
        month = Aug,
       volume = {184},
        pages = {824-831},
          doi = {10.1007/s10909-016-1542-8},
       adsurl = {https://ui.adsabs.harvard.edu/#abs/2016JLTP..184..824M},
      adsnote = {Provided by the SAO/NASA Astrophysics Data System}
}

@Article{Suzuki2014_samps,
author="Suzuki, A. and Arnold, K. and Edwards, J. and Engargiola, G. and Holzapfel, W. and Keating, B. and Lee, A. T. and Meng, X. F. and Myers, M. J. and O'Brient, R. and Quealy, E. and Rebeiz, G. and Richards, P. L. and Rosen, D. and Siritanasak, P.",
title="Multi-Chroic Dual-Polarization Bolometric Detectors for Studies of the Cosmic Microwave Background",
journal="Journal of Low Temperature Physics",
year="2014",
month="Sep",
day="01",
volume="176",
number="5",
pages="650--656",
abstract="We are developing multi-chroic antenna-coupled Transition Edge Sensor (TES) bolometer detectors for Cosmic Microwave Background (CMB) polarimetry. Multi-chroic detectors increase focal plane area efficiency, and thus the mapping speed per focal plane area, and provide greater discrimination against polarized galactic foregrounds with no increase in weight or cryogenic cost. In each pixel, a silicon lens-coupled dual-polarized sinuous antenna collects photons over a two-octave frequency band. The antenna couples the broadband millimeter wave signal into microstrip transmission lines, and on-chip filter banks split the broadband signal into multiple frequency bands. Separate TES bolometers detect the power in each frequency band and linear polarization state. We will describe the design and performance of these devices and present optical data taken. Our measurements of dual-polarization pixels in multiple frequency bands show beams with percent-level ellipticity, and percent-level cross-polarization leakage. We will also describe the development of large arrays of these multi-chroic pixels. Finally, we will describe kilo-pixel arrays of these detectors planned for the future CMB experiments that will achieve unprecedented mapping speed.",
issn="1573-7357",
doi="10.1007/s10909-013-1049-5",
url="https://doi.org/10.1007/s10909-013-1049-5"
}

@PHDTHESIS{suzuki2013_thesis,
       author = {{Suzuki}, Aritoki},
        title = "{Multichroic Bolometric Detector Architecture for Cosmic Microwave
        Background Polarimetry Experiments}",
     keywords = {Physics, Astrophysics;Engineering, Electronics and Electrical},
       school = {University of California, Berkeley},
         year = 2013,
        month = Jan,
       adsurl = {https://ui.adsabs.harvard.edu/#abs/2013PhDT.......591S},
      adsnote = {Provided by the SAO/NASA Astrophysics Data System}
}

@phdthesis{aubin2013_thesis,
  title={Detector Readout Electronics for EBEX: A Balloon-borne Cosmic Microwave Background Polarimeter},
  author={Aubin, Fran{\c{c}}ois},
  year={2013},
  school={McGill University}
}


@ARTICLE{mather1982,
   author = {{Mather}, J.~C.},
    title = "{Bolometer noise: nonequilibrium thoery}",
  journal = {\ao},
 keywords = {DETECTORS, INFRARED, INFRARED: FAR, NOISE},
     year = 1982,
    month = mar,
   volume = 21,
    pages = {1125-1129},
      doi = {10.1364/AO.21.001125},
   adsurl = {http://adsabs.harvard.edu/abs/1982ApOpt..21.1125M},
  adsnote = {Provided by the SAO/NASA Astrophysics Data System}
}



@ARTICLE{richards1994,
   author = {{Richards}, P.~L.},
    title = "{Bolometers for infrared and millimeter waves}",
  journal = {Journal of Applied Physics},
     year = 1994,
    month = jul,
   volume = 76,
    pages = {1-24},
      doi = {10.1063/1.357128},
   adsurl = {http://adsabs.harvard.edu/abs/1994JAP....76....1R},
  adsnote = {Provided by the SAO/NASA Astrophysics Data System}
}


@ARTICLE{datta2014_mcp,
   author = {{Datta}, R. and {Hubmayr}, J. and {Munson}, C. and {Austermann}, J. and 
	{Beall}, J. and {Becker}, D. and {Cho}, H.~M. and {Halverson}, N. and 
	{Hilton}, G. and {Irwin}, K. and {Li}, D. and {McMahon}, J. and 
	{Newburgh}, L. and {Nibarger}, J. and {Niemack}, M. and {Schmitt}, B. and 
	{Smith}, H. and {Staggs}, S. and {Van Lanen}, J. and {Wollack}, E.
	},
    title = "{Horn Coupled Multichroic Polarimeters for the Atacama Cosmology Telescope Polarization Experiment}",
  journal = {Journal of Low Temperature Physics},
archivePrefix = "arXiv",
   eprint = {1401.8029},
 primaryClass = "astro-ph.IM",
 keywords = {Cosmic microwave background, Superconducting detectors, Feedhorn, TES, Polarimeter, Millimeter-wave, Silicon lenses, Antireflection coating},
     year = 2014,
    month = sep,
   volume = 176,
    pages = {670-676},
      doi = {10.1007/s10909-014-1134-4},
   adsurl = {http://adsabs.harvard.edu/abs/2014JLTP..176..670D},
  adsnote = {Provided by the SAO/NASA Astrophysics Data System}
}

@misc{suzuki_private,
  author = {{Suzuki}, A.},
  howpublished = {Private Communication}
}